<record><leader>00000cas a22000007a 4500</leader><controlfield tag="001">27038303</controlfield><controlfield tag="008">921130d1833183uctucr ne      0    0eng d</controlfield><datafield ind1=" " ind2=" " tag="010"><subfield code="a">sn 92051556 </subfield></datafield><datafield ind1=" " ind2=" " tag="040"><subfield code="a">CNW</subfield><subfield code="b">eng</subfield><subfield code="c">CNW</subfield><subfield code="d">OCL</subfield><subfield code="d">OCLCQ</subfield><subfield code="d">OCLCF</subfield><subfield code="d">OCLCO</subfield></datafield><datafield ind1=" " ind2=" " tag="042"><subfield code="a">msc</subfield></datafield><datafield ind1=" " ind2=" " tag="043"><subfield code="a">n-us-ct</subfield></datafield><datafield ind1="0" ind2=" " tag="130"><subfield code="a">Morning register (New Haven, Conn.)</subfield></datafield><datafield ind1="1" ind2="0" tag="245"><subfield code="a">Morning register.</subfield></datafield><datafield ind1="1" ind2="3" tag="246"><subfield code="a">Daily morning register</subfield></datafield><datafield ind1=" " ind2=" " tag="260"><subfield code="a">New-Haven [Conn.] :</subfield><subfield code="b">Barber &amp; Osborn</subfield></datafield><datafield ind1=" " ind2=" " tag="300"><subfield code="a">v.</subfield></datafield><datafield ind1=" " ind2=" " tag="310"><subfield code="a">Semiweekly,</subfield><subfield code="b">&lt;Jul. 17, 1834-&gt;</subfield></datafield><datafield ind1=" " ind2=" " tag="321"><subfield code="a">Four issues per week,</subfield><subfield code="b">&lt;Nov. 13, 1833-Mar. 12, 1834&gt;</subfield></datafield><datafield ind1="1" ind2=" " tag="362"><subfield code="a">Began in Nov. 1833.</subfield></datafield><datafield ind1=" " ind2=" " tag="580"><subfield code="a">Weekly ed.: Columbian register (New Haven, Conn. : 1812).</subfield></datafield><datafield ind1=" " ind2=" " tag="588"><subfield code="a">Description based on: Vol. 1, no. 2 (Nov. 13, 1833).</subfield></datafield><datafield ind1=" " ind2="0" tag="651"><subfield code="a">New Haven (Conn.)</subfield><subfield code="v">Newspapers.</subfield></datafield><datafield ind1=" " ind2="7" tag="655"><subfield code="a">Newspapers.</subfield><subfield code="2">fast</subfield><subfield code="0">(OCoLC)fst01423814</subfield></datafield><datafield ind1=" " ind2="7" tag="651"><subfield code="a">Connecticut</subfield><subfield code="z">New Haven.</subfield><subfield code="2">fast</subfield><subfield code="0">(OCoLC)fst01206280</subfield></datafield><datafield ind1=" " ind2=" " tag="752"><subfield code="a">United States</subfield><subfield code="b">Connecticut</subfield><subfield code="c">New Haven</subfield><subfield code="d">New Haven.</subfield></datafield><datafield ind1="1" ind2=" " tag="775"><subfield code="t">Columbian register (New Haven, Conn. : 1812)</subfield><subfield code="w">(DLC)sn 82015538</subfield><subfield code="w">(OCoLC)8807798</subfield></datafield></record>